%1Keller:2001cz
@article{1,
    author = "Keller, J.",
    editor = "Nikitin, A.G. and Boyko, V.M. and Popovych, R.O.",
    title = "{General Relativity as a Symmetry of a Unified Space-Time-Action Geometrical Space}",
    journal = "eConf",
    volume = "C0107094",
    pages = "557--568",
    year = "2001"
}
%2Einstein:1916cc
@article{2,
    author = "Einstein, Albert",
    title = "{Approximative Integration of the Field Equations of Gravitation}",
    journal = "Sitzungsber. Preuss. Akad. Wiss. Berlin (Math. Phys. )",
    volume = "1916",
    pages = "688--696",
    year = "1916"
}
%3
@book{maggiore2007,
    author = "Maggiore, Michele",
    title = "{Gravitational Waves. Vol. 1: Theory and Experiments}",
    isbn = "978-0-19-857074-5, 978-0-19-852074-0",
    publisher = "Oxford University Press",
    series = "Oxford Master Series in Physics",
    year = "2007"
}
%4
@article{flanagan2005,
    author = "Flanagan, Eanna E. and Hughes, Scott A.",
    title = "{The Basics of gravitational wave theory}",
    eprint = "gr-qc/0501041",
    archivePrefix = "arXiv",
    doi = "10.1088/1367-2630/7/1/204",
    journal = "New J. Phys.",
    volume = "7",
    pages = "204",
    year = "2005"
}

%{5}
%6
@phdthesis{tgf2013,
title = "Extracting Physics from Gravitational Waves: Testing the Strong-field Dynamics of General Relativity and Inferring the Large-scale Structure of the Universe",
author = "T.G.F. Li",
note = "Naam instelling promotie: VU Vrije Universiteit Naam instelling onderzoek: VU Vrije Universiteit",
year = "2013",
language = "English",
school = "Vrije Universiteit Amsterdam",
}
%7
@article{weber1960,
    author = "Weber, J.",
    title = "{Detection and Generation of Gravitational Waves}",
    doi = "10.1103/PhysRev.117.306",
    journal = "Phys. Rev.",
    volume = "117",
    pages = "306--313",
    year = "1960"
}
%8
@ARTICLE{gertsenshte,
       author = {{Gertsenshte{\v{i}}n}, M.~E. and {Pustovo{\v{i}}t}, V.~I.},
        title = "{On the Detection of Low-Frequency Gravitational Waves}",
      journal = {Soviet Journal of Experimental and Theoretical Physics},
         year = 1963,
        month = jan,
       volume = {16},
        pages = {433},
       adsurl = {https://ui.adsabs.harvard.edu/abs/1963JETP...16..433G},
      adsnote = {Provided by the SAO/NASA Astrophysics Data System}
}
%9
@article{yu2020,
    author = "Yu, Haocun and others",
    collaboration = "LIGO Scientific",
    title = "{Quantum correlations between light and the kilogram-mass mirrors of LIGO}",
    eprint = "2002.01519",
    archivePrefix = "arXiv",
    primaryClass = "quant-ph",
    doi = "10.1038/s41586-020-2420-8",
    journal = "Nature",
    volume = "583",
    number = "7814",
    pages = "43--47",
    year = "2020"
}
%10
@ARTICLE{weinstein,
       author = {{Weinstein}, Alan},
        title = "{Advanced LIGO optical configuration and prototyping effort}",
      journal = {Classical and Quantum Gravity},
         year = 2002,
        month = apr,
       volume = {19},
       number = {7},
        pages = {1575-1584},
          doi = {10.1088/0264-9381/19/7/347},
       adsurl = {https://ui.adsabs.harvard.edu/abs/2002CQGra..19.1575W},
      adsnote = {Provided by the SAO/NASA Astrophysics Data System}
}
%11
@BOOK{adgwdetector,
       author = {{Blair}, D.~G. and {Howell}, E.~J. and {Ju}, L. and {Zhao}, C.},
        title = "{Advanced Gravitational Wave Detectors}",
         year = 2012,
       adsurl = {https://ui.adsabs.harvard.edu/abs/2012agwd.book.....B},
      adsnote = {Provided by the SAO/NASA Astrophysics Data System}
}
%12
@ARTICLE{triangulation,
       author = {{Fairhurst}, Stephen},
        title = "{Triangulation of gravitational wave sources with a network of detectors}",
      journal = {New Journal of Physics},
     keywords = {General Relativity and Quantum Cosmology, Astrophysics - Cosmology and Extragalactic Astrophysics},
         year = 2009,
        month = dec,
       volume = {11},
       number = {12},
          eid = {123006},
        pages = {123006},
          doi = {10.1088/1367-2630/11/12/123006},
archivePrefix = {arXiv},
       eprint = {0908.2356},
 primaryClass = {gr-qc},
       adsurl = {https://ui.adsabs.harvard.edu/abs/2009NJPh...11l3006F},
      adsnote = {Provided by the SAO/NASA Astrophysics Data System}
}
%13
@article{GWTC-1,
   title={GWTC-1: A Gravitational-Wave Transient Catalog of Compact Binary Mergers Observed by LIGO and Virgo during the First and Second Observing Runs},
   volume={9},
   ISSN={2160-3308},
   url={http://dx.doi.org/10.1103/PhysRevX.9.031040},
   DOI={10.1103/physrevx.9.031040},
   number={3},
   journal={Physical Review X},
   publisher={American Physical Society (APS)},
   author={Abbott, B. P. and Abbott, R. and Abbott, T. D. and Abraham, S. and Acernese, F. and Ackley, K. and Adams, C. and Adhikari, R. X. and Adya, V. B. and Affeldt, C. and et al.},
   year={2019},
   month={Sep}
}
%14
@ARTICLE{GW150914,
       author = { The LIGO Scientific Collaboration, the Virgo Collaboration.}  title = "{GW150914: First results from the search for binary black hole coalescence with Advanced LIGO}",
      journal = {\prd},
     keywords = {General Relativity and Quantum Cosmology, Astrophysics - High Energy Astrophysical Phenomena, Astrophysics - Instrumentation and Methods for Astrophysics},
         year = 2016,
        month = jun,
       volume = {93},
       number = {12},
          eid = {122003},
        pages = {122003},
          doi = {10.1103/PhysRevD.93.122003},
archivePrefix = {arXiv},
       eprint = {1602.03839},
 primaryClass = {gr-qc},
       adsurl = {https://ui.adsabs.harvard.edu/abs/2016PhRvD..93l2003A},
      adsnote = {Provided by the SAO/NASA Astrophysics Data System}
}
%15
@article{GW170817,
   title={GW170817: Observation of Gravitational Waves from a Binary Neutron Star Inspiral},
   volume={119},
   ISSN={1079-7114},
   url={http://dx.doi.org/10.1103/PhysRevLett.119.161101},
   DOI={10.1103/physrevlett.119.161101},
   number={16},
   journal={Physical Review Letters},
   publisher={American Physical Society (APS)},
   author={Abbott, B. P. and Abbott, R. and Abbott, T. D. and Acernese, F. and Ackley, K. and Adams, C. and Adams, T. and Addesso, P. and Adhikari, R. X. and Adya, V. B. and et al.},
   year={2017},
   month={Oct}
}
%16
@book{misner,
    author = "Misner, Charles W. and Thorne, K.S. and Wheeler, J.A.",
    title = "{Gravitation}",
    isbn = "978-0-7167-0344-0, 978-0-691-17779-3",
    publisher = "W. H. Freeman",
    address = "San Francisco",
    year = "1973"
}
%17
@article{Carroll:1997ar,
    author = "Carroll, Sean M.",
    title = "{Lecture notes on general relativity}",
    eprint = "gr-qc/9712019",
    archivePrefix = "arXiv",
    reportNumber = "NSF-ITP-97-147",
    month = "12",
    year = "1997"
}
%18
@article{Sathyaprakash_2009,
   title={Physics, Astrophysics and Cosmology with Gravitational Waves},
   volume={12},
   ISSN={1433-8351},
   url={http://dx.doi.org/10.12942/lrr-2009-2},
   DOI={10.12942/lrr-2009-2},
   number={1},
   journal={Living Reviews in Relativity},
   publisher={Springer Science and Business Media LLC},
   author={Sathyaprakash, B. S. and Schutz, Bernard F.},
   year={2009},
   month={Mar}
}
%19
@article{Schutz1987AntennaPO,
  title={Antenna patterns of interferometric detectors of gravitational waves – I. Linearly polarized waves},
  author={B. Schutz and M. Tinto},
  journal={Monthly Notices of the Royal Astronomical Society},
  year={1987},
  volume={224},
  pages={131-154}
}
%20
@ARTICLE{2019PhRvL.123d1102Z,
       author = {{Zappa}, Francesco and {Bernuzzi}, Sebastiano and
         {Pannarale}, Francesco and {Mapelli}, Michela and {Giacobbo}, Nicola},
        title = "{Black-Hole Remnants from Black-Hole-Neutron-Star Mergers}",
      journal = {\prl},
     keywords = {General Relativity and Quantum Cosmology, Astrophysics - Cosmology and Nongalactic Astrophysics},
         year = 2019,
        month = jul,
       volume = {123},
       number = {4},
          eid = {041102},
        pages = {041102},
          doi = {10.1103/PhysRevLett.123.041102},
archivePrefix = {arXiv},
       eprint = {1903.11622},
 primaryClass = {gr-qc},
       adsurl = {https://ui.adsabs.harvard.edu/abs/2019PhRvL.123d1102Z},
      adsnote = {Provided by the SAO/NASA Astrophysics Data System}
}
%21
@ARTICLE{2017AnP...52900209A,
       author = { The LIGO Scientific Collaboration, the Virgo Collaboration.}
        title = "{The basic physics of the binary black hole merger GW150914}",
      journal = {Annalen der Physik},
     keywords = {General Relativity and Quantum Cosmology},
         year = 2017,
        month = jan,
       volume = {529},
       number = {1-2},
        pages = {1600209},
          doi = {10.1002/andp.201600209},
archivePrefix = {arXiv},
       eprint = {1608.01940},
 primaryClass = {gr-qc},
       adsurl = {https://ui.adsabs.harvard.edu/abs/2017AnP...52900209A},
      adsnote = {Provided by the SAO/NASA Astrophysics Data System}
}
%22
@article{Moore_2014,
	doi = {10.1088/0264-9381/32/1/015014},
	url = {https://doi.org/10.1088\%2F0264-9381\%2F32\%2F1\%2F015014},
	year = 2014,
	month = {dec},
	publisher = {{IOP} Publishing},
	volume = {32},
	number = {1},
	pages = {015014},
	author = {C J Moore and R H Cole and C P L Berry},
	title = {Gravitational-wave sensitivity curves},
	journal = {Classical and Quantum Gravity},
}
%23
@article{testGWTC-1,
   title={Tests of general relativity with the binary black hole signals from the LIGO-Virgo catalog GWTC-1},
   volume={100},
   ISSN={2470-0029},
   url={http://dx.doi.org/10.1103/PhysRevD.100.104036},
   DOI={10.1103/physrevd.100.104036},
   number={10},
   journal={Physical Review D},
   publisher={American Physical Society (APS)},
   author={Abbott, B. P. and Abbott, R. and Abbott, T. D. and Abraham, S. and Acernese, F. and Ackley, K. and Adams, C. and Adhikari, R. X. and Adya, V. B. and Affeldt, C. and et al.},
   year={2019},
   month={Nov}
}
%24
@article{Allen:2004gu,
    author = "Allen, Bruce",
    title = "{${\chi}^{2}$ time-frequency discriminator for gravitational wave detection}",
    eprint = "gr-qc/0405045",
    archivePrefix = "arXiv",
    doi = "10.1103/PhysRevD.71.062001",
    journal = "Phys. Rev. D",
    volume = "71",
    pages = "062001",
    year = "2005"
}
%25
@article{Capano_2016,
   title={Implementing a search for gravitational waves from binary black holes with nonprecessing spin},
   volume={93},
   ISSN={2470-0029},
   url={http://dx.doi.org/10.1103/PhysRevD.93.124007},
   DOI={10.1103/physrevd.93.124007},
   number={12},
   journal={Physical Review D},
   publisher={American Physical Society (APS)},
   author={Capano, Collin and Harry, Ian and Privitera, Stephen and Buonanno, Alessandra},
   year={2016},
   month={Jun}
}

%26
@article{Wen:2008zzb,
    author = "Wen, L. and Fan, X. and Chen, Y.",
    editor = "Scott, Susan M. and McClelland, David E.",
    title = "{Geometrical expression of the angular resolution of a network of gravitational-wave detectors and improved localization methods}",
    doi = "10.1088/1742-6596/122/1/012038",
    journal = "J. Phys. Conf. Ser.",
    volume = "122",
    pages = "012038",
    year = "2008"
}
%27
@article{Harry_2018,
   title={Searching for the full symphony of black hole binary mergers},
   volume={97},
   ISSN={2470-0029},
   url={http://dx.doi.org/10.1103/PhysRevD.97.023004},
   DOI={10.1103/physrevd.97.023004},
   number={2},
   journal={Physical Review D},
   publisher={American Physical Society (APS)},
   author={Harry, Ian and Bustillo, Juan Calderón and Nitz, Alex},
   year={2018},
   month={Jan}
}
%28
@article{Usman:2015kfa,
    author = "Usman, Samantha A. and others",
    title = "{The PyCBC search for gravitational waves from compact binary coalescence}",
    eprint = "1508.02357",
    archivePrefix = "arXiv",
    primaryClass = "gr-qc",
    reportNumber = "LIGO-P1500086",
    doi = "10.1088/0264-9381/33/21/215004",
    journal = "Class. Quant. Grav.",
    volume = "33",
    number = "21",
    pages = "215004",
    year = "2016"
}
%29
@article{Roulet_2019,
   title={Template bank for compact binary coalescence searches in gravitational wave data: A general geometric placement algorithm},
   volume={99},
   ISSN={2470-0029},
   url={http://dx.doi.org/10.1103/PhysRevD.99.123022},
   DOI={10.1103/physrevd.99.123022},
   number={12},
   journal={Physical Review D},
   publisher={American Physical Society (APS)},
   author={Roulet, Javier and Dai, Liang and Venumadhav, Tejaswi and Zackay, Barak and Zaldarriaga, Matias},
   year={2019},
   month={Jun}
}
%30
@article{Babak_2006,
   title={A template bank to search for gravitational waves from inspiralling compact binaries: I. Physical models},
   volume={23},
   ISSN={1361-6382},
   url={http://dx.doi.org/10.1088/0264-9381/23/18/002},
   DOI={10.1088/0264-9381/23/18/002},
   number={18},
   journal={Classical and Quantum Gravity},
   publisher={IOP Publishing},
   author={Babak, S and Balasubramanian, R and Churches, D and Cokelaer, T and Sathyaprakash, B S},
   year={2006},
   month={Aug},
   pages={5477–5504}
}
%31
@ARTICLE{1999PhRvD..60b2002O,
       author = {{Owen}, Benjamin J. and {Sathyaprakash}, B.~S.},
        title = "{Matched filtering of gravitational waves from inspiraling compact binaries: Computational cost and template placement}",
      journal = {\prd},
     keywords = {04.80.Nn, 07.05.Kf, 97.80.-d, Gravitational wave detectors and experiments, Data analysis: algorithms and implementation, data management, Binary and multiple stars, General Relativity and Quantum Cosmology},
         year = 1999,
        month = jul,
       volume = {60},
       number = {2},
          eid = {022002},
        pages = {022002},
          doi = {10.1103/PhysRevD.60.022002},
archivePrefix = {arXiv},
       eprint = {gr-qc/9808076},
 primaryClass = {gr-qc},
       adsurl = {https://ui.adsabs.harvard.edu/abs/1999PhRvD..60b2002O},
      adsnote = {Provided by the SAO/NASA Astrophysics Data System}
}
%32
@article{Ajith:2012mn,
    author = "Ajith, P. and Fotopoulos, N. and Privitera, S. and Neunzert, A. and Weinstein, A.J.",
    title = "{Effectual template bank for the detection of gravitational waves from inspiralling compact binaries with generic spins}",
    eprint = "1210.6666",
    archivePrefix = "arXiv",
    primaryClass = "gr-qc",
    reportNumber = "LIGO-P1200106-V2, LIGO-P1200106-V3",
    doi = "10.1103/PhysRevD.89.084041",
    journal = "Phys. Rev. D",
    volume = "89",
    number = "8",
    pages = "084041",
    year = "2014"
}
%33
@article{Owen_1996,
   title={Search templates for gravitational waves from inspiraling binaries: Choice of template spacing},
   volume={53},
   ISSN={1089-4918},
   url={http://dx.doi.org/10.1103/PhysRevD.53.6749},
   DOI={10.1103/physrevd.53.6749},
   number={12},
   journal={Physical Review D},
   publisher={American Physical Society (APS)},
   author={Owen, Benjamin J.},
   year={1996},
   month={Jun},
   pages={6749–6761}
}
%34
@article{Harry:2009ea,
    author = "Harry, Ian W. and Allen, Bruce and Sathyaprakash, B.S.",
    title = "{A Stochastic template placement algorithm for gravitational wave data analysis}",
    eprint = "0908.2090",
    archivePrefix = "arXiv",
    primaryClass = "gr-qc",
    doi = "10.1103/PhysRevD.80.104014",
    journal = "Phys. Rev. D",
    volume = "80",
    pages = "104014",
    year = "2009"
}
%35
@article{Roy:2017qgg,
    author = "Roy, Soumen and Sengupta, Anand S. and Thakor, Nilay",
    title = "{Hybrid geometric-random template-placement algorithm for gravitational wave searches from compact binary coalescences}",
    eprint = "1702.06771",
    archivePrefix = "arXiv",
    primaryClass = "gr-qc",
    reportNumber = "LIGO-P1700021",
    doi = "10.1103/PhysRevD.95.104045",
    journal = "Phys. Rev. D",
    volume = "95",
    number = "10",
    pages = "104045",
    year = "2017"
}
%36
@article{Indik:2016qky,
    author = "Indik, Nathaniel and Haris, K. and Dal Canton, Tito and Fehrmann, Henning and Krishnan, Badri and Lundgren, Andrew and Nielsen, Alex B. and Pai, Archana",
    title = "{Stochastic template bank for gravitational wave searches for precessing neutron-star\textendash{}black-hole coalescence events}",
    eprint = "1612.05173",
    archivePrefix = "arXiv",
    primaryClass = "gr-qc",
    doi = "10.1103/PhysRevD.95.064056",
    journal = "Phys. Rev. D",
    volume = "95",
    number = "6",
    pages = "064056",
    year = "2017"
}
%37
@article{2007, volume={48},
   ISSN={1468-4004},
   url={http://dx.doi.org/10.1111/j.1468-4004.2007.48512.x},
   DOI={10.1111/j.1468-4004.2007.48512.x},
   number={5},
   journal={Astronomy & Geophysics},
   publisher={Oxford University Press (OUP)},
   year={2007},
   month={Oct},
   pages={5.12–5.20}
}
%38
@article{Harry:2016ijz,
    author = "Harry, Ian and Privitera, Stephen and Boh\'e, Alejandro and Buonanno, Alessandra",
    title = "{Searching for Gravitational Waves from Compact Binaries with Precessing Spins}",
    eprint = "1603.02444",
    archivePrefix = "arXiv",
    primaryClass = "gr-qc",
    doi = "10.1103/PhysRevD.94.024012",
    journal = "Phys. Rev. D",
    volume = "94",
    number = "2",
    pages = "024012",
    year = "2016"
}
%39
@article{neil2017,
author = {Chatziioannou, Katerina and Klein, Antoine and Yunes, Nicolas and Cornish, Neil},
year = {2017},
month = {03},
pages = {},
title = {Constructing Gravitational Waves from Generic Spin-Precessing Compact Binary Inspirals},
volume = {95},
journal = {Physical Review D},
doi = {10.1103/PhysRevD.95.104004}
}
%40
@article{Nuttall:2015dqa,
    author = "Nuttall, L. and others",
    title = "{Improving the Data Quality of Advanced LIGO Based on Early Engineering Run Results}",
    eprint = "1508.07316",
    archivePrefix = "arXiv",
    primaryClass = "gr-qc",
    doi = "10.1088/0264-9381/32/24/245005",
    journal = "Class. Quant. Grav.",
    volume = "32",
    number = "24",
    pages = "245005",
    year = "2015"
}
%41
@article{Nitz_2018,
   title={Distinguishing short duration noise transients in LIGO data to improve the PyCBC search for gravitational waves from high mass binary black hole mergers},
   volume={35},
   ISSN={1361-6382},
   url={http://dx.doi.org/10.1088/1361-6382/aaa13d},
   DOI={10.1088/1361-6382/aaa13d},
   number={3},
   journal={Classical and Quantum Gravity},
   publisher={IOP Publishing},
   author={Nitz, Alexander H},
   year={2018},
   month={Jan},
   pages={035016}
}
%42
@article{Abbott_2018,
   title={Effects of data quality vetoes on a search for compact binary coalescences in Advanced LIGO’s first observing run},
   volume={35},
   ISSN={1361-6382},
   url={http://dx.doi.org/10.1088/1361-6382/aaaafa},
   DOI={10.1088/1361-6382/aaaafa},
   number={6},
   journal={Classical and Quantum Gravity},
   publisher={IOP Publishing},
   author={Abbott, B P and Abbott, R and Abbott, T D and Abernathy, M R and Acernese, F and Ackley, K and Adams, C and Adams, T and Addesso, P and Adhikari, R X and et al.},
   year={2018},
   month={Feb},
   pages={065010}
}
%43
@misc{theligoscientificcollaboration2020search,
      title={Search for Gravitational Waves Associated with Gamma-Ray Bursts Detected by Fermi and Swift During the LIGO-Virgo Run O3a}, 
      author={The LIGO Scientific Collaboration and the Virgo Collaboration},
      year={2020},
      eprint={2010.14550},
      archivePrefix={arXiv},
      primaryClass={astro-ph.HE}
} 
%44
@article{LIGOScientific:2019hgc,
    author = "Abbott, Benjamin P and others",
    collaboration = "LIGO Scientific, Virgo",
    title = "{A guide to LIGO\textendash{}Virgo detector noise and extraction of transient gravitational-wave signals}",
    eprint = "1908.11170",
    archivePrefix = "arXiv",
    primaryClass = "gr-qc",
    doi = "10.1088/1361-6382/ab685e",
    journal = "Class. Quant. Grav.",
    volume = "37",
    number = "5",
    pages = "055002",
    year = "2020"
}
%45
@article{Macleod_2016,
   title={Fully-coherent all-sky search for gravitational-waves from compact binary coalescences},
   volume={93},
   ISSN={2470-0029},
   url={http://dx.doi.org/10.1103/PhysRevD.93.064004},
   DOI={10.1103/physrevd.93.064004},
   number={6},
   journal={Physical Review D},
   publisher={American Physical Society (APS)},
   author={Macleod, D. and Harry, I. W. and Fairhurst, S.},
   year={2016},
   month={Mar}
}
%46
@article{Williamson:2014wma,
    author = "Williamson, A. R. and Biwer, C. and Fairhurst, S. and Harry, I. W. and Macdonald, E. and Macleod, D. and Predoi, V.",
    title = "{Improved methods for detecting gravitational waves associated with short gamma-ray bursts}",
    eprint = "1410.6042",
    archivePrefix = "arXiv",
    primaryClass = "gr-qc",
    reportNumber = "LIGO-P1400044",
    doi = "10.1103/PhysRevD.90.122004",
    journal = "Phys. Rev. D",
    volume = "90",
    number = "12",
    pages = "122004",
    year = "2014"
}
%47
@article{Babak:2012zx,
    author = "Babak, S. and others",
    title = "{Searching for gravitational waves from binary coalescence}",
    eprint = "1208.3491",
    archivePrefix = "arXiv",
    primaryClass = "gr-qc",
    doi = "10.1103/PhysRevD.87.024033",
    journal = "Phys. Rev. D",
    volume = "87",
    number = "2",
    pages = "024033",
    year = "2013"
}
%48
@article{CalderonBustillo:2017skv,
    author = "Calder\'on Bustillo, Juan and Salemi, Francesco and Dal Canton, Tito and Jani, Karan P.",
    title = "{Sensitivity of gravitational wave searches to the full signal of intermediate-mass black hole binaries during the first observing run of Advanced LIGO}",
    eprint = "1711.02009",
    archivePrefix = "arXiv",
    primaryClass = "gr-qc",
    reportNumber = "LIGO-P1700204",
    doi = "10.1103/PhysRevD.97.024016",
    journal = "Phys. Rev. D",
    volume = "97",
    number = "2",
    pages = "024016",
    year = "2018"
}
%49
@article{Abbott:2020niy,
    author = "Abbott, R. and others",
    collaboration = "LIGO Scientific, Virgo",
    title = "{GWTC-2: Compact Binary Coalescences Observed by LIGO and Virgo During the First Half of the Third Observing Run}",
    eprint = "2010.14527",
    archivePrefix = "arXiv",
    primaryClass = "gr-qc",
    reportNumber = "P2000061",
    month = "10",
    year = "2020"
}
%50
@article{Foucart:2012nc,
    author = "Foucart, Francois",
    title = "{Black Hole-Neutron Star Mergers: Disk Mass Predictions}",
    eprint = "1207.6304",
    archivePrefix = "arXiv",
    primaryClass = "astro-ph.HE",
    doi = "10.1103/PhysRevD.86.124007",
    journal = "Phys. Rev. D",
    volume = "86",
    pages = "124007",
    year = "2012"
}
%51
@article{kalogera2017,
author = {Kalogera, Vassiliki and Lazzarini, Albert},
year = {2017},
month = {03},
pages = {201612908},
title = {LIGO and the opening of a unique observational window on the universe},
volume = {114},
journal = {Proceedings of the National Academy of Sciences},
doi = {10.1073/pnas.1612908114}
}
%52
@article{Abbott:2016blz,
    author = "Abbott, B.P. and others",
    collaboration = "LIGO Scientific, Virgo",
    title = "{Observation of Gravitational Waves from a Binary Black Hole Merger}",
    eprint = "1602.03837",
    archivePrefix = "arXiv",
    primaryClass = "gr-qc",
    reportNumber = "LIGO-P150914",
    doi = "10.1103/PhysRevLett.116.061102",
    journal = "Phys. Rev. Lett.",
    volume = "116",
    number = "6",
    pages = "061102",
    year = "2016"
}
%53
@misc{theligoscientificcollaboration2020prospects,
      title={Prospects for Observing and Localizing Gravitational-Wave Transients with Advanced LIGO, Advanced Virgo and KAGRA}, 
      author={The LIGO Scientific Collaboration and the Virgo Collaboration and the KAGRA Collaboration }
      year={2020},
      eprint={1304.0670},
      archivePrefix={arXiv},
      primaryClass={gr-qc}
}
%54
@article{Foucart_2018,
   title={Remnant baryon mass in neutron star-black hole mergers: Predictions for binary neutron star mimickers and rapidly spinning black holes},
   volume={98},
   ISSN={2470-0029},
   url={http://dx.doi.org/10.1103/PhysRevD.98.081501},
   DOI={10.1103/physrevd.98.081501},
   number={8},
   journal={Physical Review D},
   publisher={American Physical Society (APS)},
   author={Foucart, Francois and Hinderer, Tanja and Nissanke, Samaya},
   year={2018},
   month={Oct}
}
%55
%56
%57
%58
%59
%60
%61
%62
%63
%64
%65
%66
%67
%68
%69
%70
%71
%72



@article{Abbott_2019,
   title={GWTC-1: A Gravitational-Wave Transient Catalog of Compact Binary Mergers Observed by LIGO and Virgo during the First and Second Observing Runs},
   volume={9},
   ISSN={2160-3308},
   url={http://dx.doi.org/10.1103/PhysRevX.9.031040},
   DOI={10.1103/physrevx.9.031040},
   number={3},
   journal={Physical Review X},
   publisher={American Physical Society (APS)},
   author={Abbott, B. P. and Abbott, R. and Abbott, T. D. and Abraham, S. and Acernese, F. and Ackley, K. and Adams, C. and Adhikari, R. X. and Adya, V. B. and Affeldt, C. and et al.},
   year={2019},
   month={Sep}
}
